<record><leader>00000cas a22000007a 4500</leader><controlfield tag="001">12383299</controlfield><controlfield tag="008">850814d19031904wiuwr ne      0    0eng d</controlfield><datafield ind1=" " ind2=" " tag="010"><subfield code="a">sn 85040918 </subfield></datafield><datafield ind1=" " ind2=" " tag="040"><subfield code="a">NPV</subfield><subfield code="b">eng</subfield><subfield code="c">NPV</subfield><subfield code="d">OCLCQ</subfield></datafield><datafield ind1=" " ind2=" " tag="042"><subfield code="a">msc</subfield></datafield><datafield ind1="0" ind2="0" tag="245"><subfield code="a">Pittsville Wisconsin times and the Yellow River pilot.</subfield></datafield><datafield ind1="3" ind2="0" tag="246"><subfield code="a">Pittsville Wisconsin times</subfield></datafield><datafield ind1="1" ind2="7" tag="246"><subfield code="a">Pittsville times</subfield></datafield><datafield ind1="1" ind2="3" tag="246"><subfield code="a">Pittsville times and Yellow River pilot</subfield></datafield><datafield ind1="1" ind2="7" tag="246"><subfield code="a">Times and pilot</subfield></datafield><datafield ind1=" " ind2=" " tag="260"><subfield code="a">Pittsville, Wood County, Wis. :</subfield><subfield code="b">Pitts Bros.,</subfield><subfield code="c">1903-1904.</subfield></datafield><datafield ind1=" " ind2=" " tag="300"><subfield code="a">2 v. :</subfield><subfield code="b">ill.</subfield></datafield><datafield ind1=" " ind2=" " tag="310"><subfield code="a">Weekly</subfield></datafield><datafield ind1="0" ind2=" " tag="362"><subfield code="a">Vol. 8, no. 17 (Mar. 6, 1903)-ninth year, no. 13 (Feb. 11, 1904).</subfield></datafield><datafield ind1=" " ind2=" " tag="500"><subfield code="a">Publisher varies.</subfield></datafield><datafield ind1=" " ind2=" " tag="752"><subfield code="a">United States</subfield><subfield code="b">Wisconsin</subfield><subfield code="c">Wood</subfield><subfield code="d">Pittsville.</subfield></datafield><datafield ind1="0" ind2="0" tag="780"><subfield code="t">Yellow River pilot</subfield><subfield code="w">(DLC)sn 85040917</subfield></datafield><datafield ind1="0" ind2="0" tag="785"><subfield code="t">Pittsville times and the Yellow River pilot</subfield><subfield code="w">(DLC)sn 85040919</subfield></datafield></record>